@online{AngBenNadel,
  author = {Ben Nadel},
  title = {My Experience With AngularJS - The Super-heroic JavaScript MVW Framework},
  year = 2013,
  url = {https://www.bennadel.com/blog/2439-my-experience-with-angularjs---the-super-heroic-javascript-mvw-framework.htm},
  urldate = {2017-04-09}
}
@online{SharifAng2,
  author = {C S Sharif},
  title = {What is Angular 2? High level overview, feature and fundamentals.},
  year = 2016,
  url = {https://www.technicaldiary.com/angular-2-angularjs-overview-feature-fundamentals/},
  urldate = {2017-04-09}
}
@online{Ang2EnrOriol,
  author = {Enrique Oriol},
  title = {ntroducción a Angular 2 (parte I) – Modulo, Componente, Template y Metadatos},
  year = 2016,
  url = {http://blog.enriqueoriol.com/2016/06/introduccion-a-angular-2-parte-i-componente.html},
  urldate = {2017-04-09}
}
@online{DiffCompDir,
  author = {CODEANDYOU},
  title = {Difference between component and directive in Angular 2 ? },
  year = 2016,
  url = {http://www.codeandyou.com/2016/01/difference-between-component-and-directive-in-Angular2.html},
  urldate = {2017-04-09}
}
@online{MEAN,
  author = {José Manuel Alarcón},
  title = {Qué es el stack MEAN y cómo escoger el mejor para ti},
  year = 2015,
  url = {https://www.campusmvp.es/recursos/post/Que-es-el-stack-MEAN-y-como-escoger-el-mejor-para-ti.aspx},
  urldate = {2017-04-09}
}
@online{BootstrapFoundation,
  author = {Brian Jackson},
  title = {Bootstrap vs Foundation – Top 2 CSS Frameworks},
  year = 2016,
  url = {https://www.keycdn.com/blog/bootstrap-vs-foundation/},
  urldate = {2017-04-09}
}
@online{BestFramCSS,
  author = {Ricardo Prieto},
  title = {Mejores Frameworks CSS para diseño web responsive},
  year = 2017,
  url = {https://www.silocreativo.com/mejores-frameworks-css/},
  urldate = {2017-04-09}
}
@online{FramJSComp,
  author = {Uri Shaked},
  title = {AngularJS vs. Backbone.js vs. Ember.js},
  url = {https://www.airpair.com/js/javascript-framework-comparison},
  year = 2015,
  urldate = {2017-04-09}
}
@online{ReactJSEMACSScript,
  author = {Carlos Azaustre},
  title = {Empezando con ReactJS y ECMAScript 6},
  year = 2015,
  url = {https://carlosazaustre.es/blog/empezando-con-react-js-y-ecmascript-6/},
  urldate = {2017-04-09}
}
@online{Top10FramHybApp,
  author = {Sunil Arora},
  title = {10 Best Hybrid Mobile App UI Frameworks: HTML5, CSS and JS},
  year = 2016,
  url = {http://noeticforce.com/best-hybrid-mobile-app-ui-frameworks-html5-js-css},
  urldate = {2017-04-09}
}
@online{TopFramHybApp,
  author = {Danny Markov},
  title = {Comparing The Top Frameworks For Building Hybrid Mobile Apps},
  year = 2015,
  url = {http://tutorialzine.com/2015/10/comparing-the-top-frameworks-for-building-hybrid-mobile-apps/},
  urldate = {2017-04-09}
}
@online{AndroidiOSRevenue,
  author = {Daniel Eran Dilger},
  title = {Apple's iOS App Store now generating 4x revenues per app vs Android Google Play},
  year = 2016,
  url = {http://appleinsider.com/articles/16/07/19/apples-ios-app-store-now-generating-4x-revenues-per-app-vs-android-google-play},
  urldate = {2017-04-09}
}
@book{LearnAng2,
  author = {Pablo Deeleman},
  title = {Apple's iOS App Store now generating 4x revenues per app vs Android Google Play},
  year = 2016,
  publisher = {Packt Publishing}
}

@online{Fuchsia,
  author = {Ron Amadeo},
  title = {Google’s “Fuchsia” smartphone OS dumps Linux, has a wild new UI},
  year = 2017,
  url = {https://arstechnica.com/gadgets/2017/05/googles-fuchsia-smartphone-os-dumps-linux-has-a-wild-new-ui/},
  urldate = {2017-05-10}
}

@online{GooglePlayApps,
  author = {Artyom Dogtiev},
  title = {App Store Statistics Roundup},
  year = 2016,
  url = {http://www.businessofapps.com/app-store-statistics-roundup/},
  urldate = {2017-05-22}
}

@online{SmartPhonesSales,
  author = {Gartner},
  title = {Gartner Says Worldwide Sales of Smartphones Grew 7 Percent in the Fourth Quarter of 2016},
  year = 2017,
  url = {http://www.gartner.com/newsroom/id/3609817},
  urldate = {2017-05-22}
}

@online{PlatformsWar,
  author = {marketingdirecto},
  title = {La eterna (y sangrienta) guerra entre sistemas operativos: Windows vs Android vs Apple},
  year = 2016,
  url = {https://www.marketingdirecto.com/digital-general/digital/eterna-sangrienta-guerra-sistemas-operativos-windows-vs-android-vs-apple},
  urldate = {2017-05-22}
}
